<?xml version="1.0" encoding="UTF-8" standalone="no"?><searchRetrieveResponse xmlns="http://www.loc.gov/zing/srw/">
  <version>1.2</version>
  <numberOfRecords>1</numberOfRecords>
  <records>
    <record>
      <recordSchema>marcxml</recordSchema>
      <recordPacking>xml</recordPacking>
      <recordData>
        <record xmlns="http://www.loc.gov/MARC21/slim">
          <leader>01136ncm a2200361 c 4500</leader>
          <controlfield tag="001">991108585289705501</controlfield>
          <controlfield tag="005">20240927205256.0</controlfield>
          <controlfield tag="008">030214s2005    hu ||l|             zxx^^</controlfield>
          <datafield ind1="2" ind2="2" tag="028">
            <subfield code="a">Z. 2210</subfield>
          </datafield>
          <datafield ind1=" " ind2=" " tag="035">
            <subfield code="a">(swissbib)174857438-41slsp_network</subfield>
          </datafield>
          <datafield ind1=" " ind2=" " tag="035">
            <subfield code="a">174857438</subfield>
            <subfield code="9">ExL</subfield>
          </datafield>
          <datafield ind1=" " ind2=" " tag="035">
            <subfield code="a">(NEBIS)006511287EBI01</subfield>
          </datafield>
          <datafield ind1=" " ind2=" " tag="040">
            <subfield code="a">SzZuIDS BS/BE A164</subfield>
            <subfield code="d">CH-ZuSLS</subfield>
          </datafield>
          <datafield ind1="1" ind2=" " tag="100">
            <subfield code="a">Kurtág, György</subfield>
            <subfield code="d">1926-</subfield>
            <subfield code="0">(DE-588)118810138</subfield>
          </datafield>
          <datafield ind1="1" ind2="0" tag="240">
            <subfield code="a">Suiten</subfield>
            <subfield code="m">Kl 4hdg</subfield>
            <subfield code="n">1950</subfield>
          </datafield>
          <datafield ind1="1" ind2="0" tag="245">
            <subfield code="a">Suite für Klavier zu vier Händen</subfield>
            <subfield code="c">Kurtág György</subfield>
          </datafield>
          <datafield ind1=" " ind2="1" tag="264">
            <subfield code="a">Budapest</subfield>
            <subfield code="b">Editio Musica</subfield>
            <subfield code="c">[2005]</subfield>
          </datafield>
          <datafield ind1=" " ind2=" " tag="300">
            <subfield code="a">13 S.</subfield>
          </datafield>
          <datafield ind1=" " ind2=" " tag="336">
            <subfield code="b">ntm</subfield>
            <subfield code="2">rdacontent</subfield>
          </datafield>
          <datafield ind1=" " ind2=" " tag="337">
            <subfield code="b">n</subfield>
            <subfield code="2">rdamedia</subfield>
          </datafield>
          <datafield ind1=" " ind2=" " tag="338">
            <subfield code="b">nc</subfield>
            <subfield code="2">rdacarrier</subfield>
          </datafield>
          <datafield ind1=" " ind2=" " tag="348">
            <subfield code="a">Partitur</subfield>
            <subfield code="2">gnd-music</subfield>
          </datafield>
          <datafield ind1=" " ind2=" " tag="348">
            <subfield code="a">partition</subfield>
            <subfield code="2">gnd-music/fre</subfield>
          </datafield>
          <datafield ind1=" " ind2=" " tag="348">
            <subfield code="a">partitura</subfield>
            <subfield code="2">gnd-music/ita</subfield>
          </datafield>
          <datafield ind1=" " ind2=" " tag="382">
            <subfield code="a">Klavier 4-händig</subfield>
            <subfield code="n">1</subfield>
            <subfield code="2">idsmusi</subfield>
          </datafield>
          <datafield ind1=" " ind2=" " tag="500">
            <subfield code="a">Neuaufl. der Ausg.: Budapest : Edition Musica, c1956</subfield>
          </datafield>
          <datafield ind1=" " ind2="7" tag="655">
            <subfield code="a">Suite</subfield>
            <subfield code="2">idsmusg</subfield>
          </datafield>
          <datafield ind1=" " ind2="7" tag="655">
            <subfield code="z">Ungarn</subfield>
            <subfield code="2">idsmusg</subfield>
          </datafield>
          <datafield ind1=" " ind2="7" tag="655">
            <subfield code="y">20. Jh.</subfield>
            <subfield code="2">idsmusg</subfield>
          </datafield>
          <datafield ind1=" " ind2=" " tag="690">
            <subfield code="a">Klavier 4-händig</subfield>
            <subfield code="2">ids-music</subfield>
          </datafield>
          <datafield ind1=" " ind2=" " tag="690">
            <subfield code="a">Suite</subfield>
            <subfield code="2">ids-music</subfield>
          </datafield>
          <datafield ind1=" " ind2=" " tag="690">
            <subfield code="a">Ungarn</subfield>
            <subfield code="2">ids-music</subfield>
          </datafield>
          <datafield ind1=" " ind2=" " tag="690">
            <subfield code="a">20. Jh.</subfield>
            <subfield code="2">ids-music</subfield>
          </datafield>
          <datafield ind1="0" ind2="1" tag="852">
            <subfield code="a">41SLSP_ZHK</subfield>
            <subfield code="6">990065112870205512</subfield>
            <subfield code="9">P</subfield>
          </datafield>
        </record>
      </recordData>
      <recordIdentifier>991108585289705501</recordIdentifier>
      <recordPosition>1</recordPosition>
    </record>
  </records>
  <extraResponseData xmlns:xb="http://www.exlibris.com/repository/search/xmlbeans/">
    <xb:exact>true</xb:exact>
    <xb:responseDate>2025-03-08T01:11:04+0100</xb:responseDate>
  </extraResponseData>
</searchRetrieveResponse>